@misc{wuciawe_github,
  author =       {Wuciawe github},
  howpublished = {\url{http://wuciawe.github.io/math/2017/02/08/notes-on-differentiation.html}},
  note =         {[mre\v zno; stranica posje\' cena: ožujak 2024.]},
}

@misc{srijithr_gitlab,
  author =       {Srijith Rajamohan},
  howpublished = {\url{https://srijithr.gitlab.io/post/autodiff/}},
  note =         {[mre\v zno; stranica posje\' cena: ožujak 2024.]},
}

@misc{wiki:autodiff,
   author = "Wikipedia",
   title = "{Automatic differentiation} --- {W}ikipedia{,} The Free Encyclopedia",
   year = "2024",
   howpublished = {\url{http://en.wikipedia.org/w/index.php?title=Automatic\%20differentiation&oldid=1214839431}},
   note = {[mre\v zno; stranica posje\' cena: ožujak 2024.]},
}

@misc{docs:autograd,
  title = "Automatic differentiation package - torch.autograd - PyTorch 2.2 documentation",
  howpublished={\url{https://pytorch.org/docs/stable/autograd.html#}},
  note =         {[mre\v zno; stranica posje\' cena: travanj 2024.]},
}

@misc{opencl,
  title = "OpenCL",
  howpublished={\url{https://www.khronos.org/opencl/}}
  note =         {[mre\v zno; stranica posje\' cena: travanj 2024.]},
}

@article{hoffmann2016hitchhiker,
  title={A hitchhiker’s guide to automatic differentiation},
  author={Hoffmann, Philipp HW},
  journal={Numerical Algorithms},
  volume={72},
  number={3},
  pages={775--811},
  year={2016},
  publisher={Springer}
}

@article{naumann:optimaljacobian,
  title={Optimal Jacobian accumulation is NP-complete},
  author={Naumann, Uwe},
  journal={Mathematical Programming},
  volume={112},
  pages={427--441},
  year={2008},
  publisher={Springer}
}

@inproceedings{NEURIPS2020_9332c513,
  author = {Moses, William and Churavy, Valentin},
  booktitle = {Advances in Neural Information Processing Systems},
  editor = {H. Larochelle and M. Ranzato and R. Hadsell and M.F. Balcan and H. Lin},
  pages = {12472--12485},
  publisher = {Curran Associates, Inc.},
  title = {Instead of Rewriting Foreign Code for Machine Learning, Automatically Synthesize Fast Gradients},
  url = {https://proceedings.neurips.cc/paper_files/paper/2020/file/9332c513ef44b682e9347822c2e457ac-Paper.pdf},
  volume = {33},
  year = {2020}
}

@article{prague:diffcpp,
  title={P2072R0: Differentiable programming for C+},
  author={Foco, Marco and Rietmann, Max and Vassilev, Vassil and Wong, Michael and Duka, Dmitry and Grover, Vinod},
  year={2020}
}
